<?xml version="1.0" encoding="UTF-8"?>
  <record xmlns="http://www.loc.gov/MARC21/slim" type="Authority">
    <leader>00000nz  a2200000oc 4500</leader>
    <controlfield tag="001">128809884</controlfield>
    <controlfield tag="003">DE-101</controlfield>
    <controlfield tag="005">20110519105924.0</controlfield>
    <controlfield tag="008">040302n||aznnnaabn           | aaa    |c</controlfield>
    <datafield tag="024" ind1="7" ind2=" ">
      <subfield code="a">128809884</subfield>
      <subfield code="0">http://d-nb.info/gnd/128809884</subfield>
      <subfield code="2">gnd</subfield>
    </datafield>
    <datafield tag="035" ind1=" " ind2=" ">
      <subfield code="a">(DE-101)128809884</subfield>
    </datafield>
    <datafield tag="035" ind1=" " ind2=" ">
      <subfield code="a">(DE-588)128809884</subfield>
    </datafield>
    <datafield tag="035" ind1=" " ind2=" ">
      <subfield code="z">(DE-588a)128809884</subfield>
      <subfield code="9">v:zg</subfield>
    </datafield>
    <datafield tag="040" ind1=" " ind2=" ">
      <subfield code="a">DE-23</subfield>
      <subfield code="c">DE-23</subfield>
      <subfield code="9">r:DE-601</subfield>
      <subfield code="b">ger</subfield>
      <subfield code="d">0023</subfield>
    </datafield>
    <datafield tag="042" ind1=" " ind2=" ">
      <subfield code="a">gnd3</subfield>
    </datafield>
    <datafield tag="075" ind1=" " ind2=" ">
      <subfield code="b">p</subfield>
      <subfield code="2">gndgen</subfield>
    </datafield>
    <datafield tag="075" ind1=" " ind2=" ">
      <subfield code="b">piz</subfield>
      <subfield code="2">gndspec</subfield>
    </datafield>
    <datafield tag="079" ind1=" " ind2=" ">
      <subfield code="a">g</subfield>
      <subfield code="q">a</subfield>
      <subfield code="q">f</subfield>
    </datafield>
    <datafield tag="100" ind1="1" ind2=" ">
      <subfield code="a">Nagel, Johann</subfield>
      <subfield code="d">-1676</subfield>
    </datafield>
    <datafield tag="400" ind1="1" ind2=" ">
      <subfield code="a">Nagel, Johannes</subfield>
      <subfield code="d">-1676</subfield>
    </datafield>
    <datafield tag="400" ind1="1" ind2=" ">
      <subfield code="a">Nagelius, Johannes</subfield>
      <subfield code="d">-1676</subfield>
    </datafield>
    <datafield tag="548" ind1=" " ind2=" ">
      <subfield code="a">-1676</subfield>
      <subfield code="4">datl</subfield>
      <subfield code="4">https://d-nb.info/standards/elementset/gnd#dateOfDeath</subfield>
      <subfield code="w">r</subfield>
      <subfield code="i">Lebensdaten</subfield>
    </datafield>
    <datafield tag="667" ind1=" " ind2=" ">
      <subfield code="a">VD-17</subfield>
    </datafield>
    <datafield tag="667" ind1=" " ind2=" ">
      <subfield code="a">Hat angebl. nur in Bremen studiert (vgl. Achelis, Thomas Otto: Die Matrikel des Gymnasium Illustre zu Bremen. Bremen 1968, S. 30; vgl. auch Dreves, August: Geschichte der Kirchen ... des Lipper Landes. Lemgo 1881, S. 179). - In den Matrikeln der Univ. Frankfurt nur "Lippiacus Westphal." als Herkunftsangabe</subfield>
    </datafield>
    <datafield tag="670" ind1=" " ind2=" ">
      <subfield code="a">WBIS Online; Puhstkuchen, Friedrich Christoph: Beyträge zu den Denkwürdigkeiten der Grafschaft Lippe. Lemgo 1769, S. 50, 63 u. 133</subfield>
    </datafield>
    <datafield tag="672" ind1=" " ind2="0">
      <subfield code="a">Crocius, Ludwig: Disputationum Theologicarum ... - 1622</subfield>
    </datafield>
    <datafield tag="678" ind1=" " ind2=" ">
      <subfield code="b">aus Örlinghausen/Lippe; Student am Gymnasium in Bremen (1621-1622?); Studium in Frankfurt &lt;Oder&gt; (1624-1626?); Rektor (1628?-1638) und ref. Prediger (1638-1651) in Detmold; Superintendent in Bega (1651-1676)</subfield>
    </datafield>
    <datafield tag="913" ind1=" " ind2=" ">
      <subfield code="S">pnd</subfield>
      <subfield code="i">a</subfield>
      <subfield code="a">Nagel, Johann</subfield>
      <subfield code="0">(DE-588a)128809884</subfield>
    </datafield>
  </record>
